
@inproceedings{riposte,
booktitle={2012 21st International Conference on Parallel Architectures and Compilation Techniques (PACT)}, 
title={Riposte: A trace-driven compiler and parallel VM for vector code in R}, 
year={2012}, 
volume={}, 
number={}, 
pages={43-51}, 
keywords={data analysis;incremental compilers;parallel processing;program diagnostics;program interpreters;shared memory systems;virtual machines;Riposte;trace-driven compiler;parallel VM;data analysis;multicore parallelism;high-level dynamically typed languages;hardware parallelism;R language;tracing;scalar code;hardware SIMD units;shared-memory machines;vector R code;Hardware;Parallel processing;Data analysis;Semantics;Virtual machining;Delays;Runtime;R language;just-in-time compilation;tracing;data parallel}, 
doi={10.1145/2370816.2370825 }, 
ISSN={}, 
month={Sept},}

@inproceedings{mat1,
  author    = {Maxime Chevalier{-}Boisvert and
               Laurie J. Hendren and
               Clark Verbrugge},
  title     = {Optimizing Matlab through Just-In-Time Specialization},
  booktitle = {Conference on Compiler Construction (CC)},
  pages     = {46--65},
  year      = {2010},
  doi       = {10.1007/978-3-642-11970-5\_4},}


@article{mat2,
 author = {De Rose, Luiz and Padua, David},
 title = {Techniques for the Translation of MATLAB Programs into Fortran 90},
 journal = {ACM Trans. Program. Lang. Syst.},
 issue_date = {March 1999},
 volume = {21},
 number = {2},
 month = mar,
 year = {1999},
 doi = {10.1145/316686.316693}} 



@inproceedings{nool17,
  title = "Towards Typing {Julia}",
  year = 2017,
  author = "Benjamin Chung and Paley Li",
  booktitle = "The -2th Workshop on New Object-Oriented Languages (NOOL)"}

@inproceedings{Holzle94,
 author = {H\"{o}lzle, Urs and Ungar, David},
 title = {Optimizing Dynamically-dispatched Calls with Run-time Type Feedback},
 booktitle = {Conference on Programming Language Design and Implementation (PLDI)},
 year = {1994},
 doi = {10.1145/773473.178478}} 

@inproceedings{hotspot,
 author = {Paleczny, Michael and Vick, Christopher and Click, Cliff},
 title = {The Java {HotSpot} Server Compiler},
 booktitle = {Symposium on Java Virtual Machine Research and Technology (JVM)},
 year = {2001},
 url = {http://dl.acm.org/citation.cfm?id=1267847.1267848}} 

@inproceedings{Graal,
 author = {W\"{u}rthinger, Thomas and Wimmer, Christian and W\"{o}\ss, Andreas and Stadler, Lukas and Duboscq, Gilles and Humer, Christian and Richards, Gregor and Simon, Doug and Wolczko, Mario},
 title = {One VM to Rule Them All},
 booktitle = {Symposium on New Ideas, New Paradigms, and Reflections on Programming \& Software (Onward!)},
 year = {2013},
 doi = {10.1145/2509578.2509581}} 




@inproceedings{Bobrow86,
 author = {Bobrow, Daniel G. and Kahn, Kenneth and Kiczales, 
           Gregor and Masinter, Larry and Stefik, Mark and Zdybel, Frank},
  title = {CommonLoops: Merging {Lisp} and Object-oriented Programming},
booktitle = {Conference on Object-oriented Programming Systems, 
             Languages and Applications (OOPSLA)},
 year = {1986},
 doi = {10.1145/28697.28700}}

@inproceedings{Gabriel87,
  author    = {Linda DeMichiel and Richard Gabriel},
  title     = {The {Common {Lisp} Object System}: An Overview},
  booktitle = {European Conference on Object-Oriented Programming (ECOOP)},
  year      = 1987,
  doi       = {10.1007/3-540-47891-4_15}}


@book{Randal03,
  author = "Allison Randal  and Dan Sugalski  and Leopold Toetsch",
  title = "Perl 6 and Parrot Essentials", 
  publisher = "O'Reilly",
  year = 2003}


@article{Chambers14,
 author = "John Chambers",
 title = "Object-Oriented Programming, Functional Programming and R",
 journal = " Statistical Science",
 issue = 29,
 year = 2014,
 number =  2, 
 doi = {10.1214/13-STS452}}

@InProceedings{LLVM,
  Author  = {Chris Lattner and Vikram Adve},
    Title = {{LLVM}: A Compilation Framework for Lifelong 
             Program Analysis and Transformation},
booktitle = {Symposium on Code Generation and Optimization f(CGO)},
     year = 2004,
      doi = {10.1109/CGO.2004.1281665}}

@article{X10,
   author = {Charles, Philippe and Grothoff, Christian and 
             Saraswat, Vijay and Donawa, Christopher and Kielstra, Allan and 
             Ebcioglu, Kemal and von Praun, Christoph and Sarkar, Vivek},
     title = {X10: An Object-oriented Approach to Non-uniform Cluster Computing},
 booktitle = {Conference on Object-oriented Programming, Systems, Languages, and Applications (OOPSLA)},
      year = 2005,
       doi = {10.1145/1103845.1094852}}

@incollection{fortress,
  author    = {Guy  Steele and Eric Allen and
               David Chase and Christine Flood and
               Victor Luchangco and Jan{-}Willem Maessen and
               Sukyoung Ryu},
  title     = {Fortress (Sun {HPCS} Language)},
  booktitle = {Encyclopedia of Parallel Computing},
  pages     = {718--735},
  year      = {2011},
  doi       = {10.1007/978-0-387-09766-4_190}}

@book{MATLAB,
     year = {2018},
   author = {MATLAB},
    title = {version 9.4},
publisher = {The MathWorks Inc.},
address = {Natick, Massachusetts}}

@Manual{R,
       title = {R: A Language and Environment for Statistical Computing},
      author = {{R Core Team}},
organization = {R Foundation for Statistical Computing},
        year = {2008},
         url = {http://www.R-project.org}}

@inproceedings{Frisch02,
  author    = {Alain Frisch and Giuseppe Castagna and V{\'{e}}ronique Benzaken},
  title     = {Semantic Subtyping},
  booktitle = {Symposium on Logic in Computer Science {(LICS)}},
  year      = {2002},
  doi       = {10.1109/LICS.2002.1029823}}

@inproceedings{Lit98,
 author = {Litvinov, Vassily},
 title = {Constraint-based Polymorphism in Cecil: Towards a Practical and Static Type System},
 booktitle = {Addendum to Conference on Object-oriented Programming, Systems, Languages, and Applications (OOPSLA Addendum)},
 year = {1998},
 doi = {10.1145/346852.346948}} 

@article{BezansonEKS17,
  author    = {Jeff Bezanson and Alan Edelman and Stefan Karpinski and Viral B. Shah},
  title     = {Julia: {A} Fresh Approach to Numerical Computing},
  journal   = {{SIAM} Review},
  volume    = {59},
  number    = {1},
  year      = {2017},
  doi       = {10.1137/141000671}}

@phdthesis{Bezanson15,
  author    = {Jeff Bezanson},
  title     = {Abstraction in technical computing},
  school    = {Massachusetts Institute of Technology},
  year      = {2015},
  url       = {http://hdl.handle.net/1721.1/99811}}

@inproceedings{Vouillon04,
  author    = {Jerome Vouillon},
  title     = {Subtyping Union Types},
  booktitle = {Computer Science Logic {(CSL)}},
  year      = {2004},
  doi       = {10.1007/978-3-540-30124-0_32},
}

@inproceedings{Chambers94,
 author = {Chambers, Craig and Leavens, Gary T.},
 title = {Typechecking and Modules for Multi-methods},
 booktitle = {Conference on Object-oriented Programming Systems, Language, and Applications (OOPSLA)},
 year = {1994},
 doi = {10.1145/191080.191083}}

@inproceedings{tobin2016practical,
  title={Practical optional types for {Clojure}},
  author={Tobin-Hochstadt, Sam},
  booktitle={European Symposium on Programming (ESOP)},
  year={2016},
  url = {http://dx.doi.org/10.1007/978-3-662-49498-1_4},
  doi = {10.1007/978-3-662-49498-1_4},
}

@inproceedings{clifton2000multijava,
 author = {Clifton, Curtis and Leavens, Gary T. and Chambers, Craig and Millstein, Todd},
 title = {MultiJava: Modular Open Classes and Symmetric Multiple Dispatch for Java},
 booktitle = {Conference on Object-oriented Programming, Systems, Languages, and Applications (OOPSLA)},
 year = {2000},
 doi = {10.1145/353171.353181},
} 

@inproceedings{bourdoncle1997type,
    author = {Bourdoncle, Fran\c{c}ois and Merz, Stephan},
     title = {Type Checking Higher-order Polymorphic Multi-methods},
 booktitle = {Symposium on Principles of Programming Languages (POPL)},
      year = {1997},
       doi = {10.1145/263699.263743},
} 

@inproceedings{Allen11,
    author = {Allen, Eric and Hilburn, Justin and Kilpatrick, Scott and Luchangco, Victor and Ryu, Sukyoung and Chase, David and Steele, Guy},
     title = {Type Checking Modular Multiple Dispatch with Parametric Polymorphism and Multiple Inheritance},
 booktitle = {Conference on Object Oriented Programming Systems Languages and Applications (OOPSLA)},
       year = {2011},
      doi = {10.1145/2048066.2048140},
} 

@inproceedings{castagna1994decidable,
    author = {Castagna, Giuseppe and Pierce, Benjamin C.},
     title = {Decidable Bounded Quantification},
 booktitle = {Symposium on Principles of Programming Languages (POPL)},
      year = {1994},
      doi = {10.1145/174675.177844},
}

@inproceedings{Miles13,
   author = {Lubin, Miles and Dunning, Iain},
    title = {Computing in Operations Research using Julia},
booktitle = {INFORMS Journal on Computing},
     year = 2013,
      doi = {10.1287/ijoc.2014.0623}}

@inproceedings{Dunning17,
   author = {Dunning, Iain and Huchette, Joey and Lubin, Miles},
    title = {JuMP: A Modeling Language for Mathematical Optimization},
booktitle = {Society for Industrial and Applied Mathematics (SIAM)},
     year = {2017},
     doi  = {10.1137/15M1020575}}

@inproceedings{Muschevici08,
   author = {Muschevici, Radu and Potanin, Alex and Tempero, Ewan and Noble, James},
    title = {Multiple Dispatch in Practice},
booktitle = {Conference on Object-oriented Programming Systems 
             Languages and Applications (OOPSLA)},
     year = {2008},
      doi = {10.1145/1449764.1449808}}

@inproceedings{Akerblom2015,
	author = {Akerblom, Beatrice and Wrigstad, Tobias.},
	title = {Measuring Polymorphism in Python Programs},
	booktitle = {Proceedings of the 11th Symposium on Dynamic Languages (DLS)},
	year = {2015},
	url = {http://doi.acm.org/10.1145/2816707.2816717},
	doi = {10.1145/2816707.2816717},} 

@inproceedings{Hart2011,
   author = {Hart, William and Watson, Jean-Paul and Woodruff, David},
    title = {Pyomo: modeling and solving mathematical programs in Python},
booktitle = {Mathematical Programming Computation},
     year = {2011},
     doi = {10.1007/s12532-011-0026-8}}

@inproceedings{Richards2010,
    author = {Richards, Gregor and Lebresne, Sylvain and Burg, Brian and Vitek, Jan.},
    title = {An Analysis of the Dynamic Behavior of JavaScript Programs},
    booktitle = {Conference on Programming Language Design and Implementation (PLDI)},
    year = {2010},
    url = {http://doi.acm.org/10.1145/1806596.1806598},
    doi = {10.1145/1806596.1806598},}

@phdthesis{fagan1991soft,
  title={Soft typing: an approach to type checking for dynamically typed languages},
  author={Fagan, Mike},
  year={1991},
  school={Rice University}
}

@inproceedings{wright1994practical,
  title={A practical soft type system for Scheme},
  author={Wright, Andrew and Cartwright, Robert},
  booktitle={ACM SIGPLAN Lisp Pointers},
  volume={7},
  number={3},
  pages={250--262},
  year={1994},
}

@article{chaudhuri2017fast,
 author = {Chaudhuri, Avik and Vekris, Panagiotis and Goldman, Sam and Roch, Marshall and Levi, Gabriel},
 title = {Fast and Precise Type Checking for JavaScript},
 journal = {Proc. ACM Program. Lang.},
 issue_date = {October 2017},
 volume = {1},
 number = {OOPSLA},
 month = oct,
 year = {2017},
 issn = {2475-1421},
 pages = {48:1--48:30},
 articleno = {48},
 numpages = {30},
 url = {http://doi.acm.org/10.1145/3133872},
 doi = {10.1145/3133872},
 acmid = {3133872},
 publisher = {ACM},
 address = {New York, NY, USA},
 keywords = {JavaScript, Type Inference, Type Systems},
} 
@inproceedings{HurricaneSmalltalk,
author = {Atkinson, Robert G.},
title = {Hurricane: An Optimizing Compiler for Smalltalk},
year = {1986},
doi = {10.1145/960112.28712},
booktitle = {Object-Oriented Programming Systems, Languages and Applications (OOPSLA)}
}
@inproceedings{Psyco2004,
author = {Rigo, Armin},
title = {Representation-Based Just-in-Time Specialization and the Psyco Prototype for Python},
year = {2004},
doi = {10.1145/1014007.1014010},
booktitle = {Partial Evaluation and Program Manipulation (PEPM)}
}

@article{Pelenitsyn21,
author = {Pelenitsyn, Artem and Belyakova, Julia and Chung, Benjamin and Tate, Ross and Vitek, Jan},
title = {Type Stability in Julia: Avoiding Performance Pathologies in JIT Compilation},
year = {2021},
volume = {5},
number = {OOPSLA},
doi = {10.1145/3485527},
journal = {Proc. ACM Program. Lang.},
articleno = {150},
numpages = {26},
}
